@misc{spring-framework-reference,
	author = {Rod Johnson and Juergen Hoeller and others},
	title = {Spring Framework Reference Documentation},
	howpublished = "\url{http://docs.spring.io/spring/docs/current/spring-framework-reference/html/beans.html}",
	year = {2004-2014}
}
@misc{enterprise-integration-pattern-message-endpoint,
	author = {Gregor Hohpe and Bobby Woolf},
	title = {Enterprise Integration Patterns Message Endpoint},
	howpublished = "\url{http://www.enterpriseintegrationpatterns.com/MessageEndpoint.html}",
	year = {2003, 2015}
}
@misc{enterprise-integration-pattern-pollingconsumer,
	author = {Gregor Hohpe and Bobby Woolf},
	title = {Enterprise Integration Patterns Polling Consumer},
	howpublished = "\url{http://www.enterpriseintegrationpatterns.com/PollingConsumer.html}",
	year = {2003, 2015}
}
@misc{enterprise-integration-pattern-eventdrivenconsumer,
	author = {Gregor Hohpe and Bobby Woolf},
	title = {Enterprise Integration Patterns Event-Driven Consumer},
	howpublished = "\url{http://www.enterpriseintegrationpatterns.com/EventDrivenConsumer.html}",
	year = {2003, 2015}
}
@misc{microservices-pattern,
	author = {Chris Richardson},
	title = {Pattern: Microservices Architecture},
	howpublished = "\url{http://microservices.io/patterns/microservices.html}",
	year = {2014}
}
@misc{mqtt-module,
	author = {Gary Russell},
	title = {Spring XD Wiki},
	howpublished = "\url{https://github.com/spring-projects/spring-xd/wiki/Sources#mqtt}",
	year = {2015}
}
@misc{jdbc-module,
	author = {Gary Russell},
	title = {Spring XD Wiki},
	howpublished = "\url{https://github.com/spring-projects/spring-xd/wiki/Sources#jdbc-source}",
	year = {2015}
}
@misc{mongo-module,
	author = {Gary Russell},
	title = {Spring XD Wiki Mongo},
	howpublished = "\url{https://github.com/spring-projects/spring-xd/wiki/Sinks#mongo}",
	year = {2015}
}
@misc{hadoop-hdfs-module,
	author = {Gary Russell},
	title = {Spring XD Wiki Hadoop Hdfs},
	howpublished = "\url{https://github.com/spring-projects/spring-xd/wiki/Sinks#hadoop-hdfs}",
	year = {2015}
}
@misc{spring-integration-reference,
	author = {Mark Fisher},
	title = {Spring Integration Documentation},
	howpublished = "\url{http://projects.spring.io/spring-integration}",
	year = {2015}
}
@misc{lambda-architecture-paper,
	author = {Nathan Marz},
	title = {Lambda Architecture},
	year = {2012}
}
@misc{spring-batch-reference,
	author = {Dave Syer and Michael Minella},
	title = {Spring Batch Documentation},
	howpublished = "\url{http://projects.spring.io/spring-batch}",
	year = {2015}
}
@misc{mqtt-specification,
	author = {OASIS},
	title = {MQTT specification},
	howpublished = "\url{http://docs.oasis-open.org/mqtt/mqtt/v3.1.1/os/mqtt-v3.1.1-os.html}",
	year={2015}
}
@misc{modules,
	author = {Mark Fisher and Mark Pollack},
	title = {Composing Modules},
	howpublished = "\url{https://github.com/spring-projects/spring-xd/wiki/Modules}",
	year={2015}
}
@misc{hadoop,
	author = {Doug Cutting and Mike Cafarella},
	title = {Hadoop},
	howpublished = "\url{http://hadoop.apache.org/}",
	year={2015}
}
@misc{redis,
	author = {Salvatore Sanfilippo},
	title = {Redis},
	howpublished = "\url{http://redis.io/}",
	year={2015}
}
@misc{ejb,
	howpublished = "\url{https://jcp.org/en/jsr/detail?id=345}",
}
@misc{jdbc,
	howpublished = "\url{https://www.jcp.org/aboutJava/communityprocess/mrel/jsr221/index2.html}",
}
@misc{jms,
	howpublished = "\url{https://www.jcp.org/en/jsr/detail?id=368}",
}
@misc{json,
	howpublished = "\url{http://json.org/}",
}
@misc{mqtt,
	howpublished = "\url{http://mqtt.org/}",
}
@misc{reactor,
	author = {Jon Brisbin},
	title = {Reactor},
	howpublished = "\url{https://spring.io/guides/gs/messaging-reactor/}",
	year={2015}
}
@misc{reactive,
	howpublished = "\url{http://www.reactivemanifesto.org/}",
}
@misc{r-language,
	howpublished = "\url{http://www.r-project.org/}",
}
@misc{python-language,
	howpublished = "\url{https://www.python.org/}",
}
@misc{pmml,
	howpublished = "\url{http://www.dmg.org/v4-1/GeneralStructure.html}",
}
@misc{mongodb,
	howpublished = "\url{http://www.mongodb.org/}",
}
@misc{spring,
	author = {Rod Johnson, Juergen Hoeller},
	title = {Spring Framework},
	howpublished = "\url{https://spring.io/}",
	year={2015}
}
@misc{spring-boot,
	author = {Phil Webb and David Syer and others},
	title = {Spring Boot Reference},
	howpublished = "\url{http://docs.spring.io/spring-boot/docs/current/reference/htmlsingle/}",
	year = {2015}
}
@misc{spring-data,
	howpublished = "\url{http://projects.spring.io/spring-data/}",
}
@misc{spring-data-rest,
	author = {John Brisbin and Oliver Gierke},
	title = {Spring Data Rest},
	howpublished = "\url{http://docs.spring.io/spring-data/rest/docs/current/reference/html/}",
	year = {2015}
}
@misc{spark,
	howpublished = "\url{http://spark.apache.org/}",
}
@misc{sqoop,
	howpublished = "\url{https://sqoop.apache.org/}",
}
@misc{kafka,
	howpublished = "\url{http://kafka.apache.org/}",
}
@misc{hdfs,
	author = {{Apache Foundation}},
	title = {HDFS User Guide},
	howpublished = "\url{http://hadoop.apache.org/docs/r2.6.0/hadoop-project-dist/hadoop-hdfs/HdfsUserGuide.html}",
	year={2015}
}
@misc{spring-boot-reference,
	author = {Dave Syer},
	title = {Spring Boot Reference Documentation},
	howpublished = "\url{http://projects.spring.io/spring-boot/}",
	year = {2015}
}
@misc{spring-data-reference,
	author = {Mark Pollack and Oliver Gierke and Thomas Risberg and Jon Brisbin and Michael Hunger},
	title = {Spring Data Reference Documentation},
	howpublished = "\url{http://projects.spring.io/spring-data/}",
	year = {2015}
}
@misc{zookeeper,
	howpublished = "\url{http://zookeeper.apache.org/}",
}
@misc{flume,
	howpublished = "\url{http://flume.apache.org/}",
}
@misc{storm,
	howpublished = "\url{http://storm.apache.org/}",
}
@misc{oozie,
	howpublished = "\url{http://oozie.apache.org/}",
}
